@misc{Youtube,
	author="MechanicalComputing youtube channel",
	howpublished = "\url{https://www.youtube.com/watch?v=3h71HAJWnVU}"
}

@misc{Article,
	author="Nicole Ketelaars",
	howpublished="\url{http://www.win.tue.nl/aime/Files/dec2001_pascal.pdf}"
}